@misc{xkcd,
  author = {N.P. Fofonoff and R.C. Millard Jr.},
  title = {Algorithms for computation of fundamental properties of seawater, UNESCO technical papers in marine science},
  howpublished = "\url{http://hdl.handle.net/11329/109}",
  note = "(Accessed: 1983)"
}

@misc{argopy,
  author = {Maze et al},
  title = {argopy: A Python library for Argo ocean data analysis. Journal of Open Source Software, 5(53), 2425, },
  howpublished = "\url{https://doi.org/10.21105/joss.02425}",
  note = "(Accessed:2020)"
}

